<?xml version="1.0" encoding="UTF-8"?><collection xmlns="http://www.loc.gov/MARC21/slim"><record><leader>00296nam--2200121-i-4500</leader><controlfield tag="001">000002480</controlfield><controlfield tag="002">20161230</controlfield><controlfield tag="005">20161230201025</controlfield><controlfield tag="008">060222s1000------------r-----000-0-eng-d</controlfield><datafield ind1=" " ind2=" " tag="245"><subfield code="a">On the alpha decay of 239pu, de ..</subfield></datafield><datafield ind1=" " ind2=" " tag="260"><subfield code="a">Bucharest-romania, 1974</subfield></datafield><datafield ind1=" " ind2=" " tag="490"><subfield code="a">12p</subfield></datafield><datafield ind1=" " ind2=" " tag="700"><subfield code="a">Dumitrescu, O./S.A.</subfield></datafield></record></collection>